% Encoding: UTF-8

@manual{NEO7_Data,
	author={u-blox},
	title={\href[pdfnewwindow]{run:Appendix/Datasheets/NEO-7_DataSheet_(UBX-13003830).pdf}{NEO-7, Data Sheet}},
	url={https://www.u-blox.com/sites/default/files/products/documents/NEO-7_DataSheet_%28UBX-13003830%29.pdf}
}

@manual{MKRSchem,
	author={Arturo Guadalupi},
	title={\href[pdfnewwindow]{run:Appendix/Datasheets/MKRGSM1400-schematic.pdf}{Arduino MKR GSM 1400 Schematic}},
	url={https://content.arduino.cc/assets/MKRGSM1400-schematic.pdf}
}

@manual{SAMD21,
	author={Microchip Technologies Inc.},
	title={\href[pdfnewwindow]{run:Appendix/Datasheets/Microchip-42181-SAM-D21_Datasheet.pdf}{32-bit ARM-Based
	Microcontrollers}},
	url={http://ww1.microchip.com/downloads/en/DeviceDoc/40001882A.pdf}
}

@manual{SARAU201,
	author={u-blox},
	title={\href[pdfnewwindow]{run:Appendix/Datasheets/SARA-U2_DataSheet_(UBX-13005287).pdf}{SARA-U2 series, Data Sheet}},
	url={https://www.u-blox.com/sites/default/files/SARA-U2_DataSheet_%28UBX-13005287%29.pdf}
}

@manual{ATcommands,
    author={u-blox},
    title={AT Commands Manual, Revision 57},
    url={https://www.u-blox.com/sites/default/files/u-blox-CEL_ATCommands_%28UBX-13002752%29.pdf}
}
